
% Supercomputers

@misc{piz_daint,
	title = {{Piz Daint {\&} Piz Dora}},
	journal = {CSCS},
	year = {2022},
	month = apr,
	note = {[Online; accessed 27. Apr. 2022]},
	url = {https://www.cscs.ch/computers/decommissioned/piz-daint-piz-dora}
}

@misc{summit,
	title = {{ORNL Launches Summit Supercomputer {$\vert$} ORNL}},
	year = {2022},
	month = apr,
	note = {[Online; accessed 27. Apr. 2022]},
	url = {https://www.ornl.gov/news/ornl-launches-summit-supercomputer}
}

% hardware

@misc{E5-2690,
	title = {{Intel® Xeon® Processor E5-2690 }},
	year = {2022},
	month = feb,
	note = {[Online; accessed 27. Apr. 2022]},
	url = {https://ark.intel.com/content/www/us/en/ark/products/64596/intel-xeon-processor-e52690-20m-cache-2-90-ghz-8-00-gts-intel-qpi.html}
}

@misc{AMDEPYC,
	title = {{AMD EPYC{\texttrademark} 7742 {$\vert$} AMD}},
	year = {2022},
	month = apr,
	note = {[Online; accessed 27. Apr. 2022]},
	url = {https://www.amd.com/en/product/8761}
}

@misc{TESLAP100,
	title = {{NVIDIA Tesla P100: The Most Advanced Data Center Accelerator}},
	journal = {NVIDIA},
	year = {2022},
	month = apr,
	note = {[Online; accessed 27. Apr. 2022]},
	url = {https://www.nvidia.com/en-us/data-center/tesla-p100}
}

@misc{NVIDIAV100,
	title = {{NVIDIA V100 {$\vert$} NVIDIA}},
	journal = {NVIDIA},
	year = {2022},
	month = apr,
	note = {[Online; accessed 27. Apr. 2022]},
	url = {https://www.nvidia.com/en-us/data-center/v100}
}

@misc{SummitLaunch,
	title = {{ORNL Launches Summit Supercomputer {$\vert$} ORNL}},
	year = {2022},
	month = apr,
	note = {[Online; accessed 29. Apr. 2022]},
	url = {https://www.ornl.gov/news/ornl-launches-summit-supercomputer}
}


% Sources

@misc{blitzcpp,
	author = {blitzpp},
	title = {{blitz}},
	journal = {GitHub},
	year = {2022},
	month = may,
	note = {[Online; accessed 11. May 2022]},
	url = {https://github.com/blitzpp/blitz}
}

@phdthesis{Stadel2001,
	author = {Stadel, Joachim Gerhard},
	title = {{Cosmological N-body simulations and their analysis}},
	pages = {3657},
	year = {2001},
	publisher = {Ph.D. Thesis},
	url = {https://ui.adsabs.harvard.edu/abs/2001PhDT........21S/abstract}
}

@misc{CUDAOpt,
	title = {{How to Optimize Data Transfers in CUDA C/C++ {$\vert$} NVIDIA Technical Blog}},
	journal = {NVIDIA Technical Blog},
	year = {2021},
	month = oct,
	note = {[Online; accessed 24. Jun. 2022]},
	url = {https://developer.nvidia.com/blog/how-optimize-data-transfers-cuda-cc}
}

