 @site{piz_daint, title={Piz Daint}, url={https://www.cscs.ch/computers/decommissioned/piz-daint-piz-dora/}, journal={CSCS}} 
 
 @site{piz_daint_factshet,
 title={Piz Daint Factsheet},
url = {https://www.cscs.ch/fileadmin/user_upload/contents_publications/factsheets/piz_daint/FSPizDaint_Final_2018_EN.pdf}}
 @site{tesla, title={tesla},url={https://www.techpowerup.com/gpu-specs/tesla-k20x.c2315} }
 
 @site{
 summit,
title={summit}, url={https://www.olcf.ornl.gov/olcf-resources/compute-systems/summit/}}