 @misc{piz_daint, title={Piz Daint}, url={https://www.cscs.ch/computers/decommissioned/piz-daint-piz-dora/}, journal={CSCS}} 
 
 @site{tesla, title={tesla},url={https://www.techpowerup.com/gpu-specs/tesla-k20x.c2315} }