@article{
    stadel:2001,
    title={Cosmological N-body simulations and their analysis},
    author={Stadel, J. G},
    journal={University of Washington},
    year={2001}
}
@ARTICLE{2017ComAC...4....2P,
       author = {{Potter}, Douglas and {Stadel}, Joachim and {Teyssier}, Romain},
        title = "{PKDGRAV3: beyond trillion particle cosmological simulations for the next era of galaxy surveys}",
      journal = {Computational Astrophysics and Cosmology},
     keywords = {cosmology, astrophysics, simulations, Astrophysics - Instrumentation and Methods for Astrophysics, Astrophysics - Cosmology and Nongalactic Astrophysics},
         year = 2017,
        month = may,
       volume = {4},
       number = {1},
          eid = {2},
        pages = {2},
          doi = {10.1186/s40668-017-0021-1},
archivePrefix = {arXiv},
       eprint = {1609.08621},
 primaryClass = {astro-ph.IM},
       adsurl = {https://ui.adsabs.harvard.edu/abs/2017ComAC...4....2P},
      adsnote = {Provided by the SAO/NASA Astrophysics Data System}
}

@article{
    salmon1991parallel,
    title={Parallel hierarchical N-body methods},
    author={Salmon, John K},
    year={1991},
    school={California Institute of Technology}
}